% Articles
@article{hakenberg,
	author = {Hakenberg},
	title = {Rigid Body Collision Resolution},
	year = {2005},
	url = {
	       www.hakenberg.de/diffgeo/collision/rigid_body_collision_resolution.pdf
	       },
}

@article{navierstokes,
	author = {Wikipedia},
	title = {Navier-Stokes equations},
	url = {www.en.wikipedia.org/wiki/Navier%E2%80%93Stokes_equations},
	year = {2024},
}

@article{weberedu,
	author = {Unknown},
	title = {Lattice-Botlzmann Fluid Dynamics},
	year = {2012},
	url = {www.physics.weber.edu/schroeder/javacourse/LatticeBoltzmann.pdf},
}

@article{josstam,
	author = {Jos Stam},
	title = {Real-Time Fluid Dynamics for Games},
	year = {2003},
	url = {www.dgp.toronto.edu/public_user/stam/reality/Research/pdf/GDC03.pdf},
}

@article{mikeash,
	author = {Mike Ash},
	title = {Fluid Simulation for Dummies},
	year = {2006},
	url = { www.mikeash.com/pyblog/fluid-simulation-for-dummies.html },
}

@article{cutcell,
	author = {P.G. Tucker},
	title = {A Cartesian cut cell method for incompressible viscous flow},
	url = {www.sciencedirect.com/science/article/pii/S0307904X00000056},
	year = {2000},
}

@article{christophefinot,
	author = {Wikipedia contributors},
	title = {Utilisateur:Christophe.Finot/Photographies},
	url = {https://fr.wikipedia.org/wiki/Utilisateur:Christophe.Finot/Photographies},
	year = {2024},
}

@article{cutcell2,
	author = {David Mark Ingram and D.M. Causon},
	title = {A Cartesian cut cell method for incompressible viscous flow},
	url = { www.researchgate.net/publication/222518000 },
	year = {2003},
}

@article{amr,
	author = {Wikipedia contributors},
	title = {Adaptive mesh refinement},
	url = {www.en.wikipedia.org/wiki/Adaptive_mesh_refinement},
	year = {2024},
}

@article{airfoil1,
	author = {LinkedIn},
	title = {How do you evaluate the performance of different airfoil shapes and
	         configurations},
	url = {
	       www.linkedin.com/advice/1/how-do-you-evaluate-performance-different-airfoil
	       },
	year = {2024},
}

@article{airfoil2,
	title = {Lift-to-drag ratio},
	url = {www.en.wikipedia.org/wiki/Lift-to-drag_ratio},
	year = {2024},
}

@article{airfoil3,
	author = {Embry-Riddle Aeronautical University},
	url = {
	       www.eaglepubs.erau.edu/introductiontoaerospaceflightvehicles/chapter/airfoil-characteristics/
	       },
	year = {2024},
}

@article{liftdrag,
	title = {Flow over a Cylinder},
	author = {Laxmikanth Darak},
	url = {www.skill-lync.com/student-projects/week-2-flow-over-a-cylinder-86},
	year = {2021},
}

@article{gaussseidel,
	author = {Wikipedia},
	title = {Gauss–Seidel method},
	url = {www.en.wikipedia.org/wiki/Gauss–Seidel_method},
	year = {2024},
}

@article{genalg,
	author = {Wikipedia},
	title = {Genetic algorithm},
	url = {https://en.wikipedia.org/wiki/Genetic_algorithm},
	year = {2024},
}

@article{cfd,
	author = {Wikipedia},
	title = {Computational fluid dynamics},
	url = {https://en.wikipedia.org/wiki/Computational_fluid_dynamics},
	year = {2024},
}

@article{lagvseul,
	author = {ResolvedAnalytics},
	title = {Navigating Fluid Motion: Lagrangian vs. Eulerian Frames of Fluid
	         Motion},
	url = {
	       https://www.resolvedanalytics.com/cfd-physics-models/lagrangian-vs-eulerian-phase-models
	       },
}

% Videos
@video{codingchallenge,
	author = {Daniel Shiffman},
	title = {Coding Challenge \#132\: Fluid Simulation},
	url = {www.youtu.be/alhpH6ECFvQ},
	year = {2019},
}

@video{seblague,
	author = {Sebastian Lague},
	title = {Coding Adventure: Simulating Fluids},
	url = {www.youtu.be/rSKMYc1CQHE},
	year = {2023},
}

@video{pezzza,
	author = {Pezzza's Work},
	title = {Writing a Physics Engine from scratch - collision detection
	         optimization},
	url = {www.youtu.be/9IULfQH7E90},
	year = {2023},
}

@video{gradience,
	author = {Gradience},
	title = {Teaching myself C so I can build a particle simulation},
	url = {www.youtu.be/NorXFOobehY},
	year = {2024},
}

@video{tenminute,
	author = {Matthias Müller},
	title = {17 - How to write an Eulerian fluid simulator with 200 lines of
	         code.},
	url = {www.youtu.be/iKAVRgIrUOU},
	year = {2022},
}

@video{braincells,
	author = {Gonkee},
	title = {Coding a Fluid Simulation with my Last 2 Brain Cells},
	url = {www.youtu.be/uG2mPez44eY},
	year = {2021},
}

@video{brener,
	author = {Brener d'Lélis},
	title = {Semi Lagrangian Scheme - A Visual Explanation},
	url = {www.youtu.be/kvBRFxRIJuY},
	year = {2022},
}

% Software used
% fcl at www.github.com/flexible-collision-library/fcl
% openmp at www.openmp.org/
